2858 4800
598 375 635 382 --
685 331 747 404 1'98
796 374 828 385 -

232 516 389 612 Εὔθυμος
413 528 542 615 Λοκρίς
566 528 744 607 Ἀστυκλέος
766 537 834 621 τρὶς
858 530 1020 631 Ὀλύμπι’
1044 539 1176 609 ἐνίκων·

286 636 397 704 εἰκόνα
422 633 452 704 δ’
477 637 607 727 ἔστησεν
629 639 727 726 τήνδε
749 647 877 727 βροτοῖς
899 642 1025 732 ἐσορᾶν.

286 798 441 883 Εὔθυμος
465 797 597 884 Λοκρίς
621 797 691 867 α’πδ
716 810 881 890 Ζεφυρίου
906 802 1063 897 cneoque.

285 907 486 994 Πυθαγόρας
509 906 632 991 Σάμιος
656 907 821 1000 ἐποίησεν.

124 1071 249 1136 Versus
265 1071 405 1137 alterins
422 1091 575 1138 exorsum
590 1069 687 1147 τήνδε
702 1077 830 1156 βροτοῖς
851 1072 969 1161 ἐσορᾶν
993 1080 1027 1144 in
1052 1100 1176 1149 rasura
1200 1104 1305 1152 manus

123 1180 258 1246 diversa
282 1180 418 1261 scripsit
442 1182 622 1260 eademque
647 1200 677 1246 v.
704 1188 722 1245 3
747 1182 870 1248 adiecit
892 1179 1054 1271 dacicum
1084 1193 1204 1277 verba,
1230 1212 1304 1275 quac

124 1288 215 1367 prius
231 1288 266 1352 in
282 1287 552 1369 lapidefueront,
578 1288 749 1353 nunciam
775 1292 927 1373 cognosci
952 1305 1129 1375 nequeunt.
1167 1300 1305 1366 Commu·

124 1400 193 1459 tato
218 1402 328 1461 autem
347 1397 545 1476 pentametri
565 1396 630 1461 fine
647 1397 893 1478 epigrammatis
917 1407 1088 1469 structura
1113 1405 1304 1474 inconcinna

123 1502 383 1582 deprehenditur
406 1503 439 1567 in
465 1498 581 1566 ἐνίκων
605 1511 641 1571 et
665 1499 804 1588 impero.
830 1542 872 1553 -
897 1507 946 1573 De
962 1508 1131 1593 Euthymo
1147 1506 1302 1595 [lncronsi

122 1610 163 1676 of.
189 1610 286 1675 PauS.
312 1611 367 1676 Vl.
400 1618 429 1676 6.
454 1617 491 1676 4:
523 1665 529 1678 .
557 1660 563 1674 .
588 1662 593 1675 .
620 1665 626 1678 .
652 1606 692 1675 ια
727 1612 762 1676 δὲ
785 1607 817 1685 ἐς
833 1609 995 1696 Εὔθυμον
1016 1612 1076 1680 τὸν
1100 1615 1247 1709 πύκτην,
1270 1618 1303 1685 οὔ

121 1737 165 1796 με
189 1711 277 1788 είκδς
292 1711 507 1800 ὑπερβαίνειν
524 1740 563 1804 ην
579 1714 619 1783 ιδ
644 1716 676 1790 ἐς
699 1714 756 1791 τὰς
780 1725 872 1794 νίκας
896 1715 984 1810 αὐτῷ
1006 1726 1062 1788 καὶ
1084 1723 1127 1790 τὰ
1153 1725 1187 1801 ἐς
1211 1726 1304 1807 δόξαν

122 1817 314 1908 ιἰπυίρχονια
342 1820 401 1910 τὴν
433 1822 535 1911 ἄλλην
573 1831 663 1908 γένος
691 1827 752 1908 μὲν
777 1824 816 1914 δὴ
839 1809 880 1913 ἦν
904 1824 1097 1913 δΕὕδυμος
1122 1831 1159 1898 ἐκ
1186 1841 1251 1901 τῶν
1272 1835 1303 1902 ἒν

122 1925 249 2017 Ἰουλία
282 1937 427 2020 Λοκρῶν,
462 1933 494 1996 οἳ
532 1932 641 2018 χώραν
681 1929 741 2021 τὴν
773 1933 858 2019 πρὸς
890 1939 935 2024 τῷ
965 1945 1119 2029 Ζεφυρίῳ
1148 1948 1193 2031 τῇ
1225 1943 1304 2030 ἅκρρ

120 2046 293 2121 νέμονται,
316 2037 510 2126 παιρόςδὲ
534 2039 681 2106 ἐκαλεῖτο
715 2035 926 2116 Ἀσιυκλέους·
953 2098 1088 2114 .....
1114 2045 1302 2139 ἀνελομένῳ

121 2149 158 2212 δέ
185 2147 217 2211 oi
241 2153 372 2234 πυγμῆς
396 2146 431 2212 ἐν
463 2142 636 2233 Ὀλυμπίᾳ
667 2153 761 2235 νίκην
791 2148 929 2240 τετάρτη
961 2151 1044 2238 πρὸς
1071 2164 1145 2229 ταῖς
1171 2156 1302 2245 ἑβδομή-

120 2279 223 2321 κοντα
240 2250 422 2338 ὀλυμπιάδι
446 2250 485 2320 οὐ
508 2252 591 2321 κατὰ
615 2252 656 2321 τὰ
680 2249 763 2321 αὕτα
788 2255 820 2330 ἐς
842 2254 902 2344 τὴν
926 2256 1087 2325 ἐπιοῦσαν
1112 2257 1303 2346 ὀλυμπιάδα

120 2363 237 2447 ἔμελλε
267 2362 426 2452 χωρήσειν
450 2417 582 2432 .....
610 2361 686 2452 ἕκτῃ
716 2365 751 2429 δὲ
774 2360 960 2446 ὀλυμπιάδι
984 2365 1043 2432 ἐπὶ
1064 2379 1138 2444 ταῖς
1161 2372 1301 2461 ἑβδομή-

121 2496 222 2537 κονια
255 2529 261 2541 ,
287 2521 295 2538 .
321 2525 359 2540 ..
390 2474 446 2536 καὶ
482 2469 539 2537 ἐπὶ
570 2476 626 2559 τῆς
655 2464 729 2554 μετ’
761 2470 888 2559 ἐκείνην
920 2471 1128 2556 ὀλυμπιάδος
1158 2478 1221 2545 τὸν
1251 2480 1303 2548 ε’πί

120 2585 236 2670 πυγμῇ
263 2587 426 2666 στέφανον
459 2574 608 2646 α’νείλετο
641 2573 658 2643 ὁ
684 2577 849 2661 Εὔθυμος·
880 2575 898 2645 ὁ
930 2584 969 2646 δέ
989 2581 1020 2646 οί
1045 2576 1187 2670 ἀνδριὰς
1209 2595 1302 2675 τέχνη

120 2802 194 2867 Vll.
223 2807 301 2867 152:
327 2801 514 2882 Euthymus
538 2804 636 2879 pycta
659 2815 789 2877 semper
812 2798 986 2882 Olympiae
1010 2801 1121 2867 victor
1143 2809 1182 2869 ct
1206 2806 1302 2873 semel

120 2912 241 2989 victus3
266 2908 375 2989 patria
392 2906 421 2971 ei
439 2906 534 2971 Locri
560 2906 594 2969 in
611 2905 722 2970 Italia.
759 2905 810 2970 Ibi
834 2906 1009 2988 imaginem
1035 2908 1107 2974 eius
1132 2917 1169 2977 et
1195 2912 1300 2997 Olym·

119 3018 196 3099 piae
221 3017 361 3082 alteram
386 3014 495 3080 eodem
521 3014 575 3079 die
599 3019 721 3078 tactam
739 3012 876 3080 fulmine
892 3015 1131 3082 Callimachum
1157 3025 1202 3085 ut
1225 3021 1300 3088 nihil

119 3124 208 3190 aliud
240 3125 393 3189 miratum
426 3122 530 3188 video.
563 3155 601 3168 -
629 3121 749 3201 Itaque
780 3121 899 3186 titulus
931 3124 1043 3202 paullo
1075 3134 1153 3204 post
1190 3128 1232 3195 ol.
1264 3132 1299 3192 77

121 3229 155 3316 (i.
180 3251 205 3297 e.
230 3251 258 3298 a.
282 3237 347 3296 472
373 3249 401 3297 a.
427 3231 501 3296 Chr.
525 3233 583 3313 m),
609 3248 672 3309 qim
704 3246 789 3294 anno
814 3228 998 3311 Enthymns
1029 3233 1166 3299 tertiam
1194 3236 1298 3319 Olym·

119 3341 193 3421 piae
216 3340 387 3406 victoriam
412 3337 608 3420 reportavit,
634 3346 791 3402 exaratus
814 3354 887 3403 esse
912 3337 1051 3404 videtur.
1091 3339 1299 3411 Litteraturt

118 3458 169 3514 est
184 3447 307 3513 ionica
331 3447 479 3529 vulgaris
504 3451 639 3527 praetor
662 3453 700 3527 l‘3
728 3449 756 3507 0
779 3463 839 3525 pro
864 3467 903 3507 oo
926 3445 1095 3526 scriptun.

602 3571 811 3579 -——--——-

118 3628 198 3691 379.
245 3625 372 3691 Tabula
404 3625 574 3691 marmoris
602 3623 763 3690 Pentelici
795 3623 969 3705 Olympiae
992 3625 1023 3691 d.
1048 3625 1176 3693 XXVI.
1204 3649 1297 3697 menn

118 3735 239 3799 octobr.
271 3735 349 3798 anni
384 3738 467 3797 1880
500 3738 678 3814 excavata,
703 3731 847 3810 undique
878 3730 1025 3798 defracta
1057 3743 1196 3812 praeter
1221 3757 1297 3804 mar·

118 3841 227 3922 ginem
261 3825 457 3905 inferiorem.
505 3839 587 3904 Edd.
619 3839 764 3920 Purgold
795 3839 892 3903 Aroh.
925 3839 1033 3922 Zeitg.
1067 3846 1153 3907 1881
1182 3863 1213 3924 p.
1240 3851 1293 3911 181

118 3967 150 4011 n.
174 3952 250 4023 401,
276 3946 380 4012 Roehl
404 3945 504 4011 Inscr.
528 3946 585 4012 Gr.
611 3954 677 4010 ant.
704 3952 794 4026 388⁸,
820 3946 941 4029 Loewy
965 3947 1090 4013 Inschr.
1116 3968 1166 4031 gr.
1194 3953 1295 4019 Bildh.

118 4061 171 4138 24,
198 4055 340 4120 Roboris
365 4054 489 4119 Introd.
512 4059 547 4118 to
571 4071 621 4133 gr.
646 4053 749 4134 epigr.
778 4058 849 4116 157.

438 4207 679 4300 [Πυ]θαγο’ρ[ας
701 4208 839 4295 Σάμιος]
864 4209 981 4280 ἐποίει.

223 4370 609 4389 ........
656 4345 668 4384 ι
691 4325 750 4384 τῶι
773 4323 816 4384 Δί
840 4321 955 4406 νι[κῶν
978 4317 1176 4413 ἀνέθηκεν]
