2858 4800
549 410 792 471 -233—

87 601 166 666 V.l
211 604 379 682 supplevit
414 601 618 681 Kabbadias3
655 602 739 666 idem
775 601 918 665 correxit
956 621 983 664 v.
1010 607 1048 681 7,·
1083 601 1137 664 ubi
1172 603 1259 694 lapis

86 717 209 779 θΕΟΝ.
238 745 272 752 -
308 709 344 772 V.
375 715 394 773 5
426 707 481 769 καὶ
513 703 623 785 ἕλειον
658 726 714 786 per
745 707 909 788 synizesin
941 707 1130 788 legendum
1164 706 1205 770 ef.
1231 727 1260 770 ο.

87 821 160 878 391.
190 823 237 879 ll.

655 995 689 1057 B.

153 1105 156 1109 “
197 1113 297 1180 Τόνδ
322 1111 414 1200 λαρόν
437 1120 528 1180 θείαι
553 1120 666 1200 μοίραι
691 1113 794 1196 νόμον
819 1101 915 1200 ηὗρεν
935 1113 1077 1186 Ἵσολλος

194 1221 339 1304 ἄφθιτον
364 1217 486 1286 άὲναον
509 1221 603 1307 γέρας
626 1217 823 1286 άθανάτοισι
849 1228 987 1307 θεοῖσιν,

193 1333 249 1392 καί
271 1354 322 1392 νιν
339 1324 434 1418 7δίπας
458 1332 561 1411 δᾶμος
584 1324 721 1409 θεθμδν
745 1327 826 1393 θέτο
849 1331 1007 1413 πατρίδος
1030 1323 1124 1410 άμᾶς,

196 1447 305 1523 χεῖρας
328 1431 525 1518 άνασχόντες
545 1436 743 1522 μακάρεσσιν
768 1434 799 1509 ἐς
823 1430 966 1519 ούρανδν
990 1433 1126 1523 ετῖρόλνλ·

150 1553 167 1606 5
193 1546 228 1609 οἵ
247 1568 303 1609 κεν
328 1539 516 1629 άρισιεύωσι
540 1543 662 1630 πόληος
685 1541 775 1609 τάσδ’
802 1538 997 1627 Ἐπιδαύρου

193 1654 351 1728 λέξασθαί
372 1675 406 1716 τε
431 1650 551 1737 ἄνδρας
575 1655 630 1715 καὶ
654 1650 844 1733 ἐπαγγεῖλαι
869 1648 950 1714 κατά
976 1645 1079 1734 φυλάς

193 1750 239 1832 οἷς
262 1762 440 1839 πολιοῦχος
464 1756 530 1824 ὑπὸ
556 1766 698 1845 στέρνοις
722 1754 824 1844 άρετά
845 1782 881 1824 τε
905 1762 961 1823 καὶ
986 1757 1089 1841 αἰδώς,

186 1858 296 1931 Ιτοῖσιν
320 1865 519 1948 ἑπαγγέλλεν
543 1870 598 1930 καὶ
622 1865 798 1949 πομπεύεν
822 1889 882 1950 σφε
906 1872 1075 1948 κομῶντας

196 1980 320 2057 ψοίβωι
343 1974 463 2038 ἄνακτι
488 1976 559 2038 νὶιῖιι
583 1998 618 2039 νε
643 1969 833 2039 Ἀσκλαπιωι
857 1975 964 2059 ἰατηρι

132 2089 169 2145 10
194 2082 321 2162 εἵμασιν
346 2080 380 2144 ἐν
404 2083 547 2146 λεοκοῑσι
572 2080 695 2164 δάφνας
718 2080 890 2162 στεφάνοις
913 2077 990 2144 ποτ’
1015 2078 1169 2164 Ἀπόλλω,

195 2191 254 2251 ποί
278 2183 307 2253 δ’
332 2183 519 2253 ’Λσκλαπιδν
545 2187 651 2273 ἔρνεσι
676 2187 785 2260 ἐλαίας
808 2186 1035 2274 ἡμεροφύλλοο

198 2289 300 2374 ἁγνῶς
323 2294 514 2377 πομπεύειν
539 2298 593 2359 καὶ
617 2294 818 2375 ἐπεύχεσθαι
841 2294 1014 2366 πολιάταις

196 2408 300 2467 πᾶσιν
323 2400 376 2467 οἷεὶ
401 2402 534 2484 διδόμεν
558 2410 683 2476 τέκνοις
706 2402 735 2468 τ’
759 2401 879 2487 ἐρατὰν
904 2399 1038 2485 ὑγίειαν.

195 2506 255 2573 ται·
280 2507 527 2590 καλοκαγαθίαν
550 2506 580 2574 τ’
604 2508 800 2596 Ἑπτδαοροῖ
820 2508 872 2575 dez
896 2514 1046 2595 (δλρέπεν
1070 2505 1198 2585 άνδρων

129 2625 166 2681 15
194 2611 353 2696 εὐνομίαν
376 2638 412 2678 τε
437 2619 493 2678 καὶ
517 2614 652 2700 εἰράναν
677 2618 732 2679 καὶ
756 2618 902 2681 πλοῦτον
927 2614 1068 2702 α’μεμφη

194 2716 292 2807 ὥραις
316 2720 351 2798 ἐξ
375 2717 460 2808 ολράν
485 2720 588 2802 νόμον
612 2719 664 2786 αἐὶ
688 2720 783 2786 τόνδε
807 2729 966 2806 σέβοντας,

195 2825 278 2896 οὕτω
303 2835 357 2894 τοί
379 2827 408 2891 κ’
431 2826 526 2910 άμῶν
550 2824 766 2913 περιφείδοιτ)
790 2826 940 2913 εύρύοπα
964 2829 1053 2902 Ζεύς.

89 3012 126 3075 V.
177 3017 214 3073 14
261 3011 401 3090 lapicida
458 3017 572 3090 postea
619 3010 745 3074 demum
798 3010 953 3091 inseruit;
1000 3010 1086 3090 lapis
1135 3012 1267 3076 exhibet

89 3126 257 3197 ΡΕΓΕΝ,
292 3120 436 3182 correxit
464 3118 694 3184 Wilamowitz.
742 3118 790 3181 Do
814 3107 1066 3196 καλοκοῖγαθίαν
1084 3119 1123 3184 ef.
1143 3138 1171 3183 n.
1191 3126 1218 3182 5.
1240 3126 1265 3182 l·

91 3262 129 3268 —
159 3225 211 3289 Ad
235 3244 317 3289 vers.
349 3231 384 3289 16
409 3227 447 3290 cf.
473 3225 560 3291 Plut.
587 3226 665 3307 Lyc.
690 3245 715 3289 ο.
743 3233 772 3290 6.

661 3405 693 3469 C.

199 3531 328 3612 Πρῶτος
354 3529 470 3600 Μᾶλος
495 3525 625 3604 ἔτευξεν
648 3524 844 3599 ’Λπόλλωνος
870 3525 1030 3592 Μαλεάτά

303 3633 414 3716 βωμὸν
438 3640 493 3699 καὶ
517 3640 650 3707 θοσίαις
673 3629 822 3720 ηγλοίισεν
845 3642 985 3717 τέμενος.

197 3740 275 3806 οὐδε
296 3766 331 3806 κε
358 3745 535 3814 Θεσσαλίας
558 3743 594 3807 ἐν
621 3749 758 3828 Τρίκκηι
781 3748 978 3830 πειραθείης

198 3848 242 3920 είς
267 3848 385 3914 ἄδυτον
408 3847 552 3933 καταβάς
575 3849 777 3936 Ἀσκληπιοῦ,
803 3849 834 3914 εί
856 3849 900 3936 μὴ
924 3848 983 3934 άφ’
1006 3847 1106 3932 άγνοῦ

151 3966 167 4021 5
194 3963 324 4040 πρῶτον
348 3956 546 4030 ’Λπόλλωνος
570 3964 682 4041 βωμοῦ
704 3958 820 4030 θύσαις
846 3958 1017 4027 Μαλεάτα.

593 4134 696 4203 'D.

85 4258 232 4331 Ἵσολλος
256 4254 453 4323 Ἀσταλαίδαι
477 4258 623 4346 ἐπέθηκε
646 4259 897 4342 μαντεύσασθαί
919 4259 949 4322 οἱ
974 4263 1136 4343 περὶτοῦ
1161 4265 1265 4326 παιά-

90 4391 144 4439 νος
157 4368 192 4431 ἑν
209 4368 360 4451 Δελφοῖς,
386 4363 424 4430 δι’
441 4365 560 4452 ἐπόησε
578 4367 623 4441 είς
638 4364 696 4432 τόν
714 4363 895 4434 Ἀπόλλωνα
910 4371 965 4433 καὶ
988 4366 1045 4433 τὸν
1062 4367 1264 4455 ἶλσκλαπιόν,
