2858 4800
162 451 258 518 disse.
323 449 416 532 Quod
454 451 623 530 aliquanto
665 449 881 514 confidentius
917 459 1033 530 putare
1074 453 1223 534 potuisse
1264 459 1347 523 milri

163 559 293 639 videor,
349 558 433 639 quod
488 558 634 622 virorum
682 557 899 638 singularium
951 557 1114 644 Hilleri,
1162 561 1353 652 Roberti‚¹

161 667 471 746 Dittenbergeri
485 665 656 730 consilinm
671 664 748 728 mibi
761 666 845 728 hanc
862 665 1128 731 dissertationem
1143 671 1345 751 concipienti

162 793 328 855 nunquam
365 772 478 838 deluit.
532 773 614 836 Nam
652 771 860 836 Eduardus
900 773 1043 855 Hiller,
1078 775 1170 840 onius
1207 786 1345 844 mortem

163 887 406 963 praematuram
438 880 535 944 valde
564 879 674 963 lugeo,
706 879 739 942 in
773 880 871 945 huius
901 881 1048 961 opusculi
1076 881 1284 950 incunabulis
1309 895 1344 951 et

162 989 357 1054 rudimentis
388 1005 512 1051 summa
547 986 778 1052 benevolentia
810 994 843 1051 et
875 987 1079 1054 liberalitate
1110 1007 1161 1054 me
1193 991 1343 1073 adiuvit;

162 1096 293 1162 Caroli
335 1095 502 1160 Roberti
552 1095 871 1176 archaeologicarum
919 1114 1026 1160 rerum
1072 1098 1264 1177 peritissimi
1309 1110 1344 1164 et

163 1205 361 1270 bibliotheca
394 1212 426 1267 et
460 1201 600 1268 scientia
637 1203 770 1280 copiosa
804 1202 883 1266 mihi
917 1221 1049 1285 semper
1087 1213 1218 1283 praesto
1259 1205 1344 1284 fuit;

161 1312 383 1378 Guilelmus
420 1309 711 1390 Dittenberger
746 1329 818 1373 cum
855 1310 966 1375 multis
1002 1311 1076 1375 aliis
1121 1314 1217 1377 rebus
1271 1321 1341 1378 tum

161 1420 302 1484 maxime
344 1417 467 1482 idcirco
509 1436 560 1481 me
601 1419 635 1480 in
670 1416 903 1495 sempiternum
947 1417 1010 1482 sibi
1049 1417 1214 1502 devinxit,
1254 1421 1342 1500 quod

161 1527 417 1608 inscriptionum
449 1526 651 1591 Graecarum
686 1525 999 1604 Septentrionalium
1030 1533 1156 1607 partem
1189 1527 1341 1611 priorem,

161 1642 340 1714 antequam
363 1634 468 1716 ipsius
497 1653 576 1698 cura
608 1632 778 1710 ederetur,
812 1633 1008 1712 inspiciendi
1039 1632 1232 1698 facultatem
1260 1634 1340 1699 mihi

160 1741 396 1822 benignissime
425 1740 589 1822 praebuit.
639 1739 746 1804 Etiam
772 1741 910 1805 Oarolo
940 1741 1180 1806 Haeberlino
1215 1760 1340 1806 mecum

161 1849 278 1913 intima
302 1849 475 1913 coniuncto
501 1847 645 1912 amicitia
669 1849 843 1912 maximam
860 1847 963 1913 debeo
987 1849 1139 1929 gratiam,
1166 1850 1342 1927 quiscum

162 1955 352 2035 ceteroquin
378 1957 501 2021 socium
522 1954 730 2020 consiliorum
756 1973 898 2020 meorum
925 1965 956 2018 et
982 1956 1162 2020 adiutorem
1188 1973 1223 2020 se
1248 1973 1340 2034 prae·

161 2064 259 2149 stitit,
284 2072 353 2128 tum
369 2065 563 2147 corrigendo
575 2066 660 2128 lranc
676 2064 948 2145 epigrammatum
972 2065 1124 2146 syllogen
1140 2081 1192 2128 me
1216 2064 1339 2142 stipen-

162 2172 225 2237 diis
250 2172 449 2238 militaribus
474 2172 631 2253 impedito
656 2172 792 2236 multum
816 2172 975 2252 temporis
999 2170 1209 2251 consumpsit.

252 2280 382 2363 Restat,
400 2286 447 2363 nt,
465 2298 546 2360 quas
563 2287 659 2345 notas
671 2281 702 2343 in
721 2285 814 2343 textu
830 2278 1081 2357 inscriptionum
1102 2277 1338 2359 usurpaverim,

162 2386 310 2454 breviter
340 2406 509 2468 exponam.
563 2387 627 2452 Ubi
666 2386 799 2451 litterae
836 2393 1016 2465 temporum
1048 2383 1170 2448 iniuria
1208 2385 1339 2449 deletae

162 2496 399 2579 restituuntur,
433 2496 526 2561 uncis
558 2495 728 2576 quadratis
760 2489 826 2579 Η,
858 2493 912 2558 nbi
943 2493 1079 2558 litterae
1109 2501 1142 2557 et
1178 2491 1340 2572 lapicidae

161 2602 310 2668 socordia
348 2604 487 2669 omissae
525 2604 721 2684 supplentur
762 2610 795 2667 et
833 2602 917 2667 ialso
950 2602 1078 2682 positae
1114 2600 1338 2680 emendantur,

162 2711 257 2775 uncis
288 2712 439 2776 rotundis
475 2709 539 2795 i),
575 2711 631 2775 ubi
662 2711 796 2775 litterae
832 2728 943 2774 errore
973 2710 1138 2789 repetitae
1168 2708 1223 2773 vel
1255 2708 1340 2770 male

161 2818 306 2884 insertae
332 2819 495 2900 delentur,
522 2819 573 2882 bis
598 2818 689 2882 uncis
713 2827 731 2889 <
754 2827 772 2889 >
797 2835 853 2881 eas
876 2817 1002 2881 inclusi.
