2858 4800
545 395 588 404 --
670 361 734 425 222
787 397 825 405 -

261 555 296 620 in
319 556 442 636 lapidis
465 553 575 621 fronte
597 556 767 621 invenitur
789 555 954 621 dedicatio
977 557 1161 624 Glauciae:

279 735 309 796 Γ
307 732 440 817 iuuarint
464 726 481 794 ὁ
505 735 678 796 Aonium
702 731 789 820 [roilo
811 727 932 817 ιΙίρμῆι
953 728 1140 820 Ῥ[η]γῖνος.

120 912 292 992 Supplevit
324 910 503 976 Kirchhoff.
550 911 595 976 cf.
627 912 724 976 Paua
752 913 791 976 V.
825 919 877 976 27.
908 919 946 977 8:
966 906 1016 974 Οὔ
1038 909 1160 994 πόρρω
1186 915 1225 979 δὲ
1247 920 1301 979 τοῦ

121 1022 295 1082 Φενεατῶν
325 1010 543 1100 ἀναθήματος
571 1015 652 1081 ἄλλο
684 1015 772 1081 ἐστὶν
801 1017 951 1098 ἄγαλμα,
979 1027 1156 1103 κηρυκεῖον
1181 1015 1302 1106 (Ερμῆς

120 1122 209 1204 ἔχων.
237 1122 431 1207 ἐπίγραμμα
456 1125 490 1188 δὲ
522 1120 579 1187 ἐπ’
602 1117 690 1210 nanti
712 1125 880 1189 siucexiuc
902 1121 1081 1190 ἀναθεῖναι
1105 1133 1201 1206 γένος
1225 1123 1301 1214 Ῥη-

119 1239 227 1312 γῖνον,
252 1236 393 1315 ποιῆσαι
423 1232 457 1295 δὲ
490 1229 649 1295 Kdiiuan
677 1225 822 1297 ’Hicine
852 1270 891 1279 —
924 1235 974 1298 De
1005 1237 1140 1302 nomine
1169 1239 1301 1319 proprio

119 1350 258 1407 metrum
284 1354 492 1420 eorumpente
516 1339 558 1405 cf.
582 1359 665 1419 quae
681 1341 838 1406 adnotavi
863 1341 905 1406 ad
921 1361 951 1406 u.
968 1362 993 1407 s.
1010 1361 1040 1405 u.
1058 1349 1112 1407 26.
1135 1380 1180 1391 —
1206 1345 1301 1411 Prior

119 1450 239 1514 titulus
263 1449 379 1529 Eleus,
405 1449 444 1511 de
468 1468 531 1527 quo
556 1448 608 1511 hie
639 1449 708 1512 solo
733 1448 862 1530 agitur,
891 1449 989 1512 habet
1014 1449 1187 1530 vulgarent
1213 1452 1300 1518 litte-

118 1576 229 1622 rarum
252 1556 394 1636 spteciem
413 1565 545 1635 praeter
574 1559 651 1633 lm
682 1558 697 1621 Ε
736 1574 795 1637 pro
818 1575 845 1617 ει
872 1564 905 1620 et
931 1561 961 1619 0
984 1576 1041 1636 pro
1066 1580 1104 1618 oo
1130 1559 1300 1640 seriptum.

119 1664 362 1728 Monumentum
388 1664 533 1744 pertinet
556 1662 599 1727 ad
622 1663 764 1744 priorem
788 1664 911 1729 sacculi
936 1667 1043 1743 quinti
1066 1676 1213 1745 partem.

616 1827 812 1835 ———.-

119 1937 202 2001 403.
250 1936 373 2016 Ephesi
402 1939 445 2002 ud
472 1937 692 2019 aquaeductus
718 1936 874 2019 fornicem
904 1959 939 2002 n.
956 1933 1124 2001 XXXIH
1133 1941 1172 2005 iu
1196 1941 1302 2024 lupide

119 2047 254 2111 inverso.
314 2043 395 2106 Edd.
431 2052 505 2124 post
546 2044 628 2108 alios
664 2044 797 2108 Boeokh
835 2043 919 2108 CIG.
956 2041 1001 2107 ll.
1038 2049 1138 2127 2984,
1179 2046 1303 2127 Loewy

119 2151 243 2216 Inschr.
267 2169 314 2232 gr.
341 2150 445 2215 Bildh.
470 2157 523 2216 88.

523 2327 674 2414 Eilltsuog
698 2322 894 2402 Εὐπείθεος.

334 2505 441 2595 [Πίος
466 2509 692 2592 Πατροκλέους
715 2508 877 2581 Δαίδαλος
900 2505 1080 2592 εἰργάσατο.

120 2689 269 2754 Artificis
299 2691 432 2754 titulum
458 2696 695 2770 pentametrum
720 2707 794 2753 esse
818 2689 965 2768 Boeokh,
992 2690 1167 2755 Benndorf
1186 2692 1301 2757 Goett.

120 2796 184 2875 gel
216 2799 296 2862 Anu,
333 2803 413 2861 1871
453 2817 482 2876 p.
514 2802 577 2860 603
611 2805 699 2862 recte
730 2796 962 2861 iudicaverunt
992 2798 1135 2878 (ceteros
1166 2808 1301 2867 nostrae

121 2905 268 2986 syllegae
310 2912 536 2985 pentametros
581 2905 727 2982 singulos
774 2904 892 2985 collegi
934 2905 975 2968 ad
1008 2924 1037 2968 n.
1074 2905 1148 2989 68);
1184 2916 1301 2973 contra

121 3011 258 3077 Bechtel
292 3014 376 3077 Alth,
408 3014 437 3076 tl,
469 3012 580 3077 Goett.
611 3012 718 3076 Akau.
755 3017 837 3074 1887
868 3031 897 3092 p.
922 3015 960 3076 91
990 3031 1020 3077 n.
1049 3017 1109 3076 146
1135 3015 1178 3078 ab
1202 3014 1300 3081 initio

120 3113 314 3204 Σικυών]ιος
346 3119 526 3185 restituere
567 3121 654 3203 vult,
691 3119 748 3183 sed
788 3119 863 3182 ltnic
903 3121 1129 3200 supplemento
1167 3130 1301 3201 praeter

121 3225 236 3290 miram
260 3228 430 3292 verborum
455 3227 488 3291 in
513 3226 660 3292 oratione
683 3226 832 3306 prosaica
856 3227 1098 3292 collocationem
1124 3228 1160 3293 id
1184 3229 1301 3296 adver·

121 3339 226 3412 satur,
250 3334 334 3414 quod
359 3335 391 3398 in
410 3333 624 3413 inscriptione
648 3334 867 3415 aequabiliter
891 3340 925 3399 et
949 3341 1168 3415 congruenter
1191 3337 1301 3403 incisa

123 3448 171 3505 tot
196 3442 329 3507 litterae
361 3443 402 3506 ab
434 3442 528 3506 initio
559 3459 675 3506 versus
704 3442 840 3507 alterius
869 3441 973 3507 fnisse
996 3459 1059 3507 non
1084 3451 1234 3522 possunt.
1258 3481 1302 3490 —

122 3551 169 3630 la,
201 3551 255 3628 qui
280 3547 421 3614 confecit
444 3551 504 3614 hoe
532 3556 793 3615 monumentum.
822 3549 988 3613 Daedalus
1014 3549 1175 3614 Patroclis
1199 3551 1301 3633 filiun,

122 3664 195 3723 erat
224 3655 330 3722 frater
360 3657 464 3721 minor
495 3666 575 3720 natu
607 3657 766 3738 Polycleti
801 3656 1020 3736 celeberrimi3
1045 3656 1165 3723 titulus
1196 3658 1303 3741 igitur

123 3785 146 3830 c
173 3785 200 3831 a.
235 3769 301 3828 400
344 3764 525 3844 insculptus
567 3782 640 3829 esse
683 3764 824 3828 videtur.
864 3799 899 3808 —
939 3763 1089 3830 Litterae
1122 3767 1302 3849 vulgarem

125 3877 153 3935 0
176 3891 234 3954 pro
260 3894 308 3950 ou,
335 3881 352 3943 ε
377 3891 435 3953 pro
460 3891 490 3934 eu
515 3871 686 3953 scriptum.

122 4127 208 4189 404.
256 4123 480 4187 Halicarnassi
498 4126 535 4190 iu
552 4126 724 4198 montonis,
749 4125 786 4190 iu
802 4145 919 4208 mupuo
936 4124 1049 4206 lupide,
1070 4145 1152 4206 puts
1167 4128 1304 4194 maturio

122 4233 353 4316 inscriptionis.
395 4230 900 4311 Eud.ssoeokh01t}.11.uooo,
926 4229 1002 4294 inde
1026 4231 1150 4310 Loewy
1175 4230 1302 4299 Inschr.

123 4359 171 4422 gr.
196 4338 303 4404 Bildh.
328 4343 378 4402 60.
