2858 4800
583 371 733 431 -156
791 401 827 410 -

115 569 225 634 colore
259 573 368 631 tamen
399 569 503 629 metro
532 581 596 627 non
625 562 778 627 conclusa
803 560 967 644 sequitur,
992 563 1030 623 ut
1053 558 1200 627 Boeekh
1224 568 1297 627 reete

115 674 253 757 ognovit
286 680 320 737 et
353 680 486 753 propter
519 690 539 731 α
570 670 687 734 elisum
716 678 749 734 et
776 669 873 733 huius
897 667 1003 748 partis
1025 668 1125 733 tituli
1151 669 1296 745 indolem,

118 800 235 847 versus
258 780 493 863 paroemincus.
518 813 560 824 —
578 777 784 841 Litterarum
808 785 874 846 ΑΔ
888 784 904 846 Ε
917 783 935 846 H
950 774 1045 857 (spir.
1064 794 1137 856 asp.
1164 776 1202 841 in
1225 770 1296 838 Παί-

116 910 181 973 ρον
214 889 375 971 seriptus‚
401 887 433 950 in
465 886 605 950 articulo
634 875 651 944 ὁ
677 883 828 962 omissus)
862 889 1188 957 rehrerrzrv.
1234 882 1295 965 Res,
1335 870 1338 901 ³

117 997 302 1079 dequibus
334 994 446 1074 agitur
477 992 511 1056 in
542 992 603 1056 hoc
626 989 850 1071 inscriptione,
876 996 991 1070 gestae
1024 996 1109 1054 sunt
1141 991 1186 1056 ol.
1222 993 1294 1055 763
1337 1010 1339 1083 j

118 1104 167 1187 (=
193 1123 221 1169 a.
239 1099 329 1187 47413
353 1121 382 1167 a.
400 1100 475 1166 Chr.
492 1098 546 1180 n).
1336 1114 1339 1219 ρ

118 1339 190 1402 611.
240 1334 440 1415 Fragmenta
474 1332 537 1396 dno
570 1331 660 1395 basis
689 1328 853 1394 rotundae
878 1345 1081 1392 marmoreae
1107 1347 1197 1394 enno
1224 1334 1294 1394 1676

120 1442 293 1524 Olympiae
311 1443 400 1525 apud
423 1462 493 1506 αικο
512 1439 669 1523 Olympier'
691 1439 858 1523 emporium,
884 1437 939 1519 qui
961 1441 1123 1503 εανοαοίο
1146 1443 1196 1505 eet
1212 1459 1293 1523 oppo-
1338 1464 1340 1527 r

119 1554 202 1619 situs
231 1554 400 1630 repertee;
433 1548 467 1612 in
498 1563 622 1611 summo
653 1545 743 1610 iilius
773 1543 924 1625 margine
955 1542 1075 1609 titulus
1108 1563 1180 1610 nna
1220 1545 1297 1610 linet
1338 1548 1340 1593 :

124 1660 267 1738 scriptus
297 1662 377 1721 erat.
424 1654 506 1720 Edd.
540 1652 675 1718 Curtius
700 1652 795 1716 Areh.
820 1651 928 1733 Zeitg.
960 1650 1123 1716 XXXIV.
1160 1657 1247 1717 1676
1273 1671 1297 1732 p.

120 1772 162 1831 49
187 1783 253 1846 αα,
279 1764 399 1829 Knihei
425 1762 482 1843 Ep.
507 1761 564 1827 Gr.
591 1764 668 1841 741,
694 1759 800 1825 Roehl
824 1759 924 1823 Inscr.
949 1756 1004 1823 Gr.
1038 1766 1121 1823 ant·
1141 1780 1176 1825 n.
1209 1764 1250 1823 75
1279 1778 1299 1824 ο.

123 1874 193 1938 odd⁴
220 1893 249 1954 p.
277 1876 350 1955 174,
368 1871 510 1936 Roberts
526 1867 651 1933 Introd.
678 1873 710 1932 1ο
735 1886 782 1949 gr.
808 1867 914 1948 epigr.
939 1871 1019 1947 661;
1041 1864 1188 1950 cougny
1211 1868 1299 1934 Anth

121 1981 190 2046 Pul.
214 1979 274 2045 III.
304 1987 329 2045 1.
359 1985 412 2064 16,
436 1979 564 2059 Preger
587 1975 673 2041 Insc.
699 1973 752 2040 Gr.
778 1982 871 2039 metr.
896 1993 926 2038 n.
950 1979 1002 2038 67.

211 2190 330 2279 [Δέξ]ο,
354 2187 487 2277 ssimae]
514 2191 666 2274 Κρονίδα,
691 2185 785 2275 [Ζ]εῦ
809 2179 980 2272 Ὀλδνπιε,
1004 2181 1111 2250 καλὸν
1133 2184 1266 2271 ἄγαλμα

283 2295 434 2385 ίιολήδωῂ
457 2295 584 2384 θυμῶν
607 2299 665 2360 νῶι
690 2290 997 2381 Λακεδαιμονίω[ο].

124 2520 173 2583 De
197 2519 256 2582 hoc
280 2516 378 2582 titulo
403 2515 442 2581 ο1.
468 2515 566 2581 Pons.
584 2515 621 2580 V.
641 2518 692 2578 24.
720 2519 756 2578 3:
785 2512 856 2574 Τοῦ
878 2513 961 2573 ναοῦ
983 2511 1021 2573 δέ
1041 2505 1137 2574 ἐστιν
1160 2508 1200 2576 ἐν
1223 2512 1302 2594 δεξιᾷ

122 2628 182 2687 τοῦ
212 2619 355 2705 μεγάλου
380 2617 462 2692 Zetis
491 2616 575 2705 πρὸς
597 2611 759 2689 ἀνατολὰς
781 2612 889 2702 ἡλίου,
913 2621 1056 2698 μέγεθος
1078 2618 1147 2698 μὲν
1171 2616 1303 2685 δυόδεκα

124 2733 253 2807 ποδῶν,
278 2725 442 2814 ἀνάθημα
464 2729 500 2792 δὲ
515 2728 661 2807 λέγουσιν
686 2718 771 2789 εἶναι
787 2726 1074 2807 Λακεδαιμονίων,
1099 2719 1202 2810 ἡνίκα
1225 2719 1304 2791 α’πο-

124 2843 216 2904 σιᾶσι
242 2841 438 2923 Μεσσηνίοις
462 2833 597 2920 δεύτερα
620 2831 696 2899 τότε
726 2830 758 2905 ἐς
786 2830 935 2914 πόλεμον
958 2838 1172 2918 κατέστησαν·
1198 2832 1304 2901 ἔπεσα

128 2947 244 3011 δὲκαὶ
276 2941 418 3024 ἐλεγεῖον
450 2940 506 3007 ἐπ’
530 2935 627 3028 αὐτῷ’
663 2945 746 3017 Δέξο
770 2938 854 3016 ἅναξ
880 2941 1026 3025 Κρονίδα
1050 2945 1119 3005 Ζεῦ
1142 2938 1305 3026 Ὀλύμπιε

126 3047 229 3118 καλὸν
263 3048 393 3133 ἄγαλμα
423 3047 506 3137 ἱλοῐιρ
537 3054 637 3136 θυμῷ
670 3057 739 3121 τοῖς
773 3050 1064 3130 Λακεδαιμονίοις.
1131 3053 1161 3120 V
1198 3059 1213 3118 l
1242 3060 1304 3134 post

128 3160 274 3245 Κρονίδα
315 3161 349 3224 iu
392 3160 501 3241 lapide
552 3178 628 3240 pers
671 3156 812 3224 inferior
854 3159 992 3243 hastae,
1037 3176 1137 3238 quem
1182 3160 1305 3226 Ahrens

127 3268 247 3334 Philol.
282 3266 474 3332 XXXVIII.
511 3265 626 3348 (1879)
666 3286 696 3347 p.
731 3270 795 3329 240
835 3284 892 3343 pro
928 3266 997 3329 iota
1030 3265 1239 3349 intellegens
1269 3265 1302 3330 nd

128 3375 273 3442 vocativi
310 3375 444 3438 termam
472 3373 617 3458 Κρονίδᾳ
646 3372 897 3439 construendam
928 3372 1082 3454 adhibet3
1119 3375 1180 3441 sed
1213 3376 1302 3442 tutem

130 3483 231 3549 fuisse
254 3481 395 3547 formam
419 3500 511 3547 nemo
543 3482 593 3547 illi
625 3481 695 3547 viro
720 3482 815 3546 docto
840 3480 1108 3561 adstipulebitur.
1147 3482 1302 3551 Schuhnrt

129 3592 152 3657 J
155 3594 184 3657 b.
200 3591 221 3656 f.
238 3590 341 3654 klass.
360 3589 442 3655 Phil.
464 3596 546 3654 1676
566 3609 593 3669 p.
612 3595 672 3652 661
685 3607 753 3669 sqq.
778 3594 889 3654 censet
905 3594 980 3671 post
990 3588 1139 3671 Κρονίδα
1163 3600 1301 3657 secutum

110 3696 202 3764 'esse
219 3697 405 3763 vocativum
421 3696 509 3761 Σδεῦ
520 3720 527 3776 ;
552 3695 622 3777 ipse
639 3704 748 3761 tamen
766 3696 923 3776 concedit,
947 3696 975 3761 si
996 3699 1079 3761 hoec
1101 3696 1213 3764 formo
1236 3698 1301 3764 olim

130 3806 318 3873 exstitisset
333 3806 365 3869 in
387 3803 610 3886 inscriptione,
631 3804 783 3869 lineolam
801 3803 890 3868 ilium
913 3804 1018 3883 magis
1034 3803 1301 3872 inclinatnmesso

131 3915 290 3978 debuisse.
337 3911 453 3990 Itaque
478 3911 604 3975 hostem
634 3911 724 3975 iliam
750 3910 907 3975 directam
940 3928 998 3992 pro
1028 3910 1300 3994 interpunctionis

131 4025 210 4083 nota
233 4018 456 4099 accipiendam
485 4036 559 4083 esse
590 4024 717 4098 putem,
747 4036 842 4098 quam
875 4018 905 4082 in
931 4017 1039 4083 titulis
1085 4018 1299 4099 Cretensibus,

132 4144 196 4190 uno
230 4126 376 4190 Theraeo
405 4143 533 4205 unoque
567 4124 730 4190 Laconico
759 4124 923 4190 (hereniae
955 4132 1090 4207 reperto
1119 4137 1298 4209 usurpatum

132 4250 205 4297 esse
235 4231 438 4312 invenimus;
462 4229 502 4296 of.
526 4231 630 4296 Roehl
653 4230 757 4296 Inser.
782 4229 839 4295 Gr.
863 4238 929 4296 ant.
952 4251 982 4297 n.
1007 4236 1093 4313 478,
1117 4232 1239 4300 Kuiser
1257 4232 1297 4298 ur
1343 4216 1346 4295 1

133 4339 229 4404 inser.
261 4338 378 4403 Graec.
405 4337 524 4417 interp.
547 4357 576 4419 p.
603 4342 700 4417 llsq.
733 4373 773 4384 -
809 4337 880 4410 δέξο
907 4338 1026 4420 resipit
1049 4339 1243 4422 Homerum
1263 4338 1294 4404 cf.
