2858 4800
530 388 684 456 -909
737 426 773 436 -

55 587 188 671 ptuvit:
214 576 313 672 [ἅμις
338 587 375 650 δέ
397 582 474 672 [π]α
511 586 610 668 (lapis
642 588 743 653 habet
768 641 774 653 .
801 641 807 654 .
831 587 1057 675 ΛΙΣΔΕΙΑ);
1083 589 1140 655 sed
1163 573 1245 654 hueu

56 694 294 777 supplementa
324 712 390 759 uon
424 694 504 759 bene
534 694 707 773 quadrant.
754 696 793 760 In
827 696 965 775 septimo
1001 715 1116 770 versu,
1152 696 1244 762 cuius

55 801 162 869 leutio
186 807 276 868 centa
301 807 372 880 est,
396 800 474 880 quid
503 800 566 865 sibi
590 802 673 868 velit
701 797 798 884 φάσις
829 802 897 879 illa,
931 822 1027 884 quam
1052 804 1185 869 multum
1211 804 1243 869 iu

57 908 232 977 Stratonis
265 914 364 974 cantu
396 905 499 974 fuisse
532 914 628 989 poeta
661 909 755 992 dicit,
782 909 1039 992 Ditteuburgero
1072 912 1243 977 obscurum

58 1017 215 1096 videtum
243 1016 336 1082 ,huuc
369 1033 479 1080 vocem
504 1033 577 1080 esse
601 1016 773 1081 terminum
800 1035 894 1097 quem
921 1017 1035 1082 dicunt
1059 1018 1245 1084 techuieum

55 1123 114 1191 rei
132 1122 277 1189 musicae
293 1121 438 1189 fortasse
451 1123 517 1191 vim
532 1123 772 1205 significantem
788 1123 954 1206 (similiter
970 1113 1068 1204 atque
1087 1120 1244 1207 ἔμφασιν)

57 1236 155 1297 recte
176 1226 316 1295 'adnotat
332 1229 538 1296 Henwerdeu
563 1229 656 1296 stud.
682 1233 754 1296 crit.
778 1251 808 1311 p.
831 1237 902 1296 1118.
927 1269 969 1277 -
995 1233 1033 1298 V.
1062 1238 1099 1296 11
1126 1233 1180 1296 καὶ
1204 1229 1245 1315 ἐμ

57 1357 124 1422 per
146 1337 314 1420 syuizusiu
338 1336 530 1420 legendum
555 1337 596 1403 cf.
613 1357 644 1402 n.
669 1344 733 1403 406
757 1341 818 1400 τοῦ
841 1329 977 1423 α’ῑυτοῦ,
1003 1360 1032 1405 n.
1056 1346 1131 1406 410.
1158 1347 1172 1404 1
1199 1335 1244 1424 μὴ

57 1441 110 1521 ἐκ,
136 1464 167 1511 n.
192 1450 267 1510 420.
290 1445 330 1509 A.
355 1451 373 1509 5
398 1445 454 1506 καὶ
487 1440 605 1524 ἔλεγον.
630 1481 672 1492 -—
696 1447 901 1512 Litteratura
935 1448 1091 1528 vulgaris‘
1113 1455 1245 1529 praeter

58 1562 86 1626 Σ
129 1559 162 1618 et
202 1561 226 1624 Μ
278 1570 517 1632 nonnumquam
569 1555 744 1644 scriptum
797 1557 979 1622 litteratura
1016 1559 1143 1623 tertium
1179 1557 1246 1640 fere

58 1683 93 1729 a.
124 1660 199 1728 our.
223 1682 257 1728 u.
280 1662 442 1728 saeculum
464 1663 610 1729 indicare
632 1663 767 1730 uidetur.
815 1659 1080 1747 (Dittenberger)
