2858 4800
585 321 829 381 —174-

114 512 271 578 Laciniae
309 512 371 578 has
410 512 580 594 pertinere
613 513 656 578 sd
686 515 890 594 epigramma
921 513 1179 583 dedicatoriam
1211 519 1297 585 sensit

116 619 294 686 Fraenkel.
320 658 360 667 -
390 621 537 686 Litterae
562 621 719 701 vulgares
742 632 875 700 praeter
898 631 933 692 rt

116 820 201 883 ³39.
248 819 347 883 Basis
363 837 553 887 marmorea.
578 830 711 898 reperta
727 818 865 883 illateae
885 818 918 882 in
941 819 1130 886 ruderibus
1155 823 1297 890 eeclesiae

122 926 301 1006 Panagiae.
348 926 432 991 Edd.
457 926 492 989 Ρ.
517 926 613 991 Paris
644 924 729 990 Bull.
762 926 804 989 de
835 944 918 991 corr.
949 925 1088 992 Hellen.
1119 930 1168 994 X.
1201 932 1298 1011 (1886)

119 1054 148 1115 p.
174 1040 250 1113 361,
273 1034 411 1114 Cuugny
436 1035 534 1098 Anth.
560 1033 627 1097 Pal.
653 1033 717 1097 Ill.
746 1039 772 1096 1.
799 1031 1029 1116 101811587.

226 1215 368 1274 Ποντίων
392 1209 614 1289 ἱππομέδοντι
642 1211 819 1274 Ποσειδῶνι
843 1205 978 1291 Χρόνον
1004 1209 1078 1276 νῖεῖ

281 1312 299 1403 ἡ
323 1315 419 1388 πόλις
442 1313 605 1405 εὐξαμένη
631 1310 740 1381 τούσδ’
762 1312 907 1401 ἀνέθηκε
930 1323 1015 1382 θεῶν

228 1420 386 1512 ἡμιθέους
409 1430 554 1510 σωτῆρας
579 1420 663 1507 ὑπὲρ
686 1421 861 1507 προγόνων
882 1445 919 1489 τε
942 1428 998 1490 καὶ
1023 1423 1141 1492 αὐτῶν

279 1536 334 1597 καὶ
358 1537 413 1618 γῆς
436 1537 488 1597 καὶ
513 1540 635 1597 τεκέων
657 1536 712 1597 καὶ
737 1539 902 1616 σοετέρων
924 1525 1069 1613 ἐλόχων.

119 1717 154 1781 Is
186 1718 242 1796 qui
276 1715 400 1795 primus
432 1714 536 1781 edidit
569 1716 654 1779 hunc.
684 1713 816 1778 titulum
847 1714 889 1778 ad
921 1713 1016 1780 basin
1049 1720 1302 1784 monument-iu

121 1823 260 1891 Phoceis
275 1823 443 1889 'l'hessalis
466 1822 611 1888 feliciter
631 1822 728 1887 victis
744 1821 896 1902 Neptuno
918 1822 1073 1905 epouymi
1091 1824 1201 1890 Phoci
1228 1824 1303 1907 patri

122 1931 266 1997 dedicati
301 1930 470 2012 pertinere
502 1937 622 1994 conset.
670 1929 790 1993 Verum
821 1947 891 1993 cum
917 1927 1041 1994 cladem
1067 1931 1301 1998 Thessalorum

122 2037 229 2104 inisse
252 2047 329 2105 ante
353 2038 441 2104 bella
458 2037 585 2102 Medica
609 2037 705 2102 Pauo.
731 2037 772 2100 X.
800 2042 813 2099 1
840 2035 952 2101 tradat
976 2044 1078 2117 atque
1105 2038 1304 2122 epigramma

122 2155 155 2212 et
189 2154 322 2227 propter
351 2146 537 2227 scripturae
568 2147 729 2211 rationem
759 2154 792 2209 et
824 2152 961 2226 propter
985 2147 1147 2225 poematii
1173 2146 1303 2215 forman

124 2262 190 2318 tam
229 2262 363 2321 vetusto
400 2252 542 2335 tempori
573 2254 761 2333 neutiquam
794 2251 939 2317 adscribi
972 2252 1098 2335 possit,
1130 2255 1304 2334 pristinum

123 2369 368 2428 monumentum
403 2367 519 2443 postea
548 2368 773 2427 restauratum
802 2378 952 2439 novaque
974 2360 1198 2440 inscriptione
1222 2381 1304 2428 exor-

125 2480 238 2536 natum
269 2488 342 2535 esse
374 2471 575 2549 suspicatur.
621 2467 694 2550 Qua
724 2469 759 2533 in
789 2466 1031 2534 restauratione
1059 2469 1091 2533 is
1116 2472 1176 2548 qui
1201 2469 1305 2535 incisit

124 2578 261 2645 titulum
292 2578 484 2645 vetustioris
517 2575 684 2657 alphabeti
717 2576 951 2657 proprietatem
984 2574 1136 2641 retinens
1159 2578 1304 2644 litteram

128 2690 156 2750 0
187 2694 308 2767 puncto
340 2694 486 2750 notatam
518 2685 671 2764 scripsit,
696 2684 780 2764 quod
812 2689 968 2766 punctum
999 2683 1101 2748 etiam
1125 2684 1305 2755 litteraell

127 2795 254 2860 tribuit.
310 2794 373 2859 Sed
405 2792 577 2872 lapicidam
613 2791 774 2871 quendam
809 2790 995 2856 litterarum
1028 2789 1155 2857 formas
1190 2792 1305 2875 prioris

126 2901 250 2967 aetatis
273 2901 334 2967 tali
359 2900 451 2965 modo
469 2899 632 2965 imitatum
656 2918 727 2964 esse
750 2899 840 2963 nullo
864 2897 1012 2978 exemplo
1027 2899 1164 2980 probari
1190 2904 1304 2981 potest.

127 3012 282 3074 Attamen
301 3007 460 3089 quidquid
478 3007 518 3073 de
534 3025 635 3072 causa
658 3026 717 3072 cur
733 3011 975 3071 monumentum
993 3011 1146 3072 nostrum
1163 3015 1305 3073 erectum

128 3116 173 3181 sit
196 3117 394 3201 cogitamus,
419 3117 551 3181 titulum
577 3108 747 3199 στοιχηδὸν
770 3115 927 3192 scriptum
953 3112 1142 3178 litterarum
1168 3115 1303 3195 speciem

127 3226 251 3291 sacculi
275 3225 386 3305 quarti
411 3224 568 3303 praebere
592 3230 738 3303 apparet.
786 3221 993 3286 [litteratura
1021 3220 1138 3286 Ionica
1161 3220 1305 3305 vulgaris

129 3338 259 3413 praeter
283 3338 359 3413 ΝΞ;
383 3340 439 3402 ott
463 3339 618 3412 punctum
642 3331 773 3395 habent.

130 3533 212 3596 340.
259 3530 431 3612 Cynthium
456 3529 487 3593 in
513 3529 700 3595 inventario
723 3526 837 3607 templi
870 3524 1032 3606 Apollinis
1063 3525 1156 3592 Delii
1180 3527 1220 3592 ol.
1249 3530 1303 3591 149

129 3650 365 3704 enumeratum.
414 3637 472 3702 Eld.
494 3638 642 3702 Homolle
667 3636 752 3701 Bull.
779 3635 819 3700 de
844 3653 925 3699 corr.
953 3633 1079 3698 Hellen.
1105 3632 1165 3698 VI.
1190 3630 1301 3716 (1888)

131 3766 161 3828 p.
188 3754 228 3810 33
256 3747 274 3810 l.
300 3752 353 3811 41.

219 3919 384 3995 Ἱστιατεύς
406 3918 443 4004 μ’
466 3919 632 4007 ἀνέθηκεν
656 3918 826 3991 Κάλλωνος
849 3911 945 4002 ὅπερ·
969 3912 1039 4001 φίλ’
1056 3914 1232 4004 Ἄπολλον,

274 4027 371 4117 τήνδε
394 4034 653 4113 συναμφοτέροις
677 4024 827 4111 εὐτυχίην
849 4024 987 4093 ὄπασον.

134 4213 277 4277 Ιτοιιῖοοὴ
309 4230 359 4292 ap.
392 4211 540 4276 Meurad.
587 4207 819 4274 Wochensclrr.
843 4206 865 4271 f.
899 4204 998 4270 lrlass.
1023 4204 1140 4269 Philol.
1171 4209 1249 4270 1887
1272 4221 1297 4266 u.

135 4325 173 4386 51
200 4319 373 4403 proposuit
395 4336 460 4384 non
482 4319 567 4383 malo
592 4310 766 4395 Κόμωνος;
791 4313 846 4379 sed
870 4311 923 4377 hic
947 4328 1086 4393 quoquo,
1110 4315 1207 4379 utin
1229 4308 1298 4376 mul·
